@misc{mutag,
  title  = {Benchmark Data Sets for Graph Kernels},
  author = {Kristian Kersting and Nils M. Kriege and Christopher Morris and Petra Mutzel and Marion Neumann},
  year   = {2016},
  url    = {http://graphkernels.cs.tu-dortmund.de}
}